<record><leader>03249cam a2200541 i 4500</leader><controlfield tag="001">6774769</controlfield><controlfield tag="003">OCoLC</controlfield><controlfield tag="005">20150106073455.0</controlfield><controlfield tag="006">m     o  d        </controlfield><controlfield tag="007">cr |n|</controlfield><controlfield tag="008">141006t20152015paua    ob    000 0 eng d</controlfield><datafield ind1=" " ind2=" " tag="020"><subfield code="z">9781455770137 (hardcover : alk. paper)</subfield></datafield><datafield ind1=" " ind2=" " tag="020"><subfield code="z">1455770132 (hardcover : alk. paper)</subfield></datafield><datafield ind1=" " ind2=" " tag="035"><subfield code="a">ocn892338017</subfield></datafield><datafield ind1=" " ind2=" " tag="039"><subfield code="a">exclude</subfield></datafield><datafield ind1=" " ind2=" " tag="040"><subfield code="a">OPELS</subfield><subfield code="b">eng</subfield><subfield code="e">rda</subfield><subfield code="e">pn</subfield><subfield code="c">OPELS</subfield><subfield code="d">OPELS</subfield><subfield code="d">MMU</subfield><subfield code="d">BUF</subfield><subfield code="d">AEU</subfield></datafield><datafield ind1=" " ind2="4" tag="050"><subfield code="a">RD57</subfield></datafield><datafield ind1="1" ind2="4" tag="060"><subfield code="a">QZ 268</subfield></datafield><datafield ind1="0" ind2="4" tag="082"><subfield code="a">617/.075</subfield><subfield code="2">23</subfield></datafield><datafield ind1=" " ind2=" " tag="090"><subfield code="a">Internet Access</subfield><subfield code="b">AEU</subfield></datafield><datafield ind1="0" ind2="0" tag="245"><subfield code="a">Differential diagnosis in surgical pathology.</subfield></datafield><datafield ind1=" " ind2=" " tag="250"><subfield code="a">Third edition /</subfield><subfield code="b">[edited by] Paolo Gattuso, Vijaya B. Reddy, Odile David, Daniel J. Spitz, Meryl H. Haber.</subfield></datafield><datafield ind1=" " ind2="1" tag="264"><subfield code="a">Philadelphia, PA :</subfield><subfield code="b">Saunders/Elsevier,</subfield><subfield code="c">[2015]</subfield></datafield><datafield ind1=" " ind2="4" tag="264"><subfield code="c">&#169;2015</subfield></datafield><datafield ind1=" " ind2=" " tag="300"><subfield code="a">1 online resource :</subfield><subfield code="b">illustrations (chiefly color)</subfield></datafield><datafield ind1=" " ind2=" " tag="336"><subfield code="a">text</subfield><subfield code="b">txt</subfield><subfield code="2">rdacontent</subfield></datafield><datafield ind1=" " ind2=" " tag="337"><subfield code="a">computer</subfield><subfield code="b">c</subfield><subfield code="2">rdamedia</subfield></datafield><datafield ind1=" " ind2=" " tag="338"><subfield code="a">online resource</subfield><subfield code="b">cr</subfield><subfield code="2">rdacarrier</subfield></datafield><datafield ind1=" " ind2=" " tag="504"><subfield code="a">Includes bibliographical references.</subfield></datafield><datafield ind1="0" ind2="0" tag="505"><subfield code="t">Special diagnostic techniques in surgical pathology /</subfield><subfield code="r">Alexandra Kalof, Mark Evans, Kossivi Dantey, Kumarasen Cooper --</subfield><subfield code="t">Skin and adnexal structures /</subfield><subfield code="r">Vijaya Reddy --</subfield><subfield code="t">Head and neck /</subfield><subfield code="r">Adel El-Naggar --</subfield><subfield code="t">Lung and pleura /</subfield><subfield code="r">Aliya Husain --</subfield><subfield code="t">Thymus and mediastinum /</subfield><subfield code="r">Jose Plaza, Cesar Moran, Saul Suster --</subfield><subfield code="t">Gastrointestinal system /</subfield><subfield code="r">Robert Petras --</subfield><subfield code="t">Hepatobiliary system /</subfield><subfield code="r">Matthew Yeh --</subfield><subfield code="t">The pancreas /</subfield><subfield code="r">Ralph Hruban, Michael Cruise --</subfield><subfield code="t">Adrenal gland /</subfield><subfield code="r">Sylvia Asa, Sandra Fischer --</subfield><subfield code="t">Ureter, urinary bladder, and kidney /</subfield><subfield code="r">Cristina Magi-Galluzzi, Ming Zhou, Laura Barisoni --</subfield><subfield code="t">Male genitourinary system /</subfield><subfield code="r">Michael Pins --</subfield><subfield code="t">Female reproductive system /</subfield><subfield code="r">Pincas Bitterman, Vijaya Reddy --</subfield><subfield code="t">Breast /</subfield><subfield code="r">Maria Merino --</subfield><subfield code="t">Lymph nodes /</subfield><subfield code="r">Attilio Orazi, Julia Geyer --</subfield><subfield code="t">Spleen /</subfield><subfield code="r">Attilio Orazi, Sonam Prakash --</subfield><subfield code="t">Bones and joints /</subfield><subfield code="r">Byron Crawford II, John Schmieg --</subfield><subfield code="t">Soft tissue /</subfield><subfield code="r">Robin LeGallo, Mark Wick --</subfield><subfield code="t">Heart, pericardium, and blood vessels /</subfield><subfield code="r">Carmela Tan, E. Rene Rodriguez --</subfield><subfield code="t">Central nervous system /</subfield><subfield code="r">Elizabeth Cochran --</subfield><subfield code="t">Eye and orbit /</subfield><subfield code="r">Richard Grostern.</subfield></datafield><datafield ind1=" " ind2=" " tag="506"><subfield code="a">Access restricted to authorized users and institutions.</subfield></datafield><datafield ind1=" " ind2=" " tag="588"><subfield code="a">Description based on online resource; title from digital title page (ClinicalKey, viewed on October 31, 2014).</subfield></datafield><datafield ind1=" " ind2=" " tag="596"><subfield code="a">44</subfield></datafield><datafield ind1=" " ind2="0" tag="650"><subfield code="a">Pathology, Surgical.</subfield></datafield><datafield ind1=" " ind2="0" tag="650"><subfield code="a">Diagnosis, Differential.</subfield></datafield><datafield ind1="1" ind2="2" tag="650"><subfield code="a">Neoplasms</subfield><subfield code="x">pathology.</subfield></datafield><datafield ind1="1" ind2="2" tag="650"><subfield code="a">Neoplasms</subfield><subfield code="x">surgery.</subfield></datafield><datafield ind1="2" ind2="2" tag="650"><subfield code="a">Diagnosis, Differential.</subfield></datafield><datafield ind1="2" ind2="2" tag="650"><subfield code="a">Pathology, Surgical.</subfield></datafield><datafield ind1="1" ind2=" " tag="700"><subfield code="a">Gattuso, Paolo,</subfield><subfield code="e">editor.</subfield></datafield><datafield ind1="1" ind2=" " tag="700"><subfield code="a">Reddy, Vijaya B.,</subfield><subfield code="e">editor.</subfield></datafield><datafield ind1="1" ind2=" " tag="700"><subfield code="a">David, Odile,</subfield><subfield code="e">editor.</subfield></datafield><datafield ind1="1" ind2=" " tag="700"><subfield code="a">Spitz, Daniel J.,</subfield><subfield code="e">editor.</subfield></datafield><datafield ind1="1" ind2=" " tag="700"><subfield code="a">Haber, Meryl H.,</subfield><subfield code="d">1934-</subfield><subfield code="e">editor.</subfield></datafield><datafield ind1="0" ind2="8" tag="776"><subfield code="i">Print version:</subfield><subfield code="t">Differential diagnosis in surgical pathology.</subfield><subfield code="b">Third edition.</subfield><subfield code="d">Philadelphia, PA : Saunders/Elsevier, [2015]</subfield><subfield code="z">9781455770137</subfield><subfield code="w">(DLC)  2013046614</subfield><subfield code="w">(OCoLC)864299566</subfield></datafield><datafield ind1="4" ind2="0" tag="856"><subfield code="3">University of Alberta Access</subfield><subfield code="u">https://www.clinicalkey.com/dura/browse/bookChapter/3-s2.0-C20120022053</subfield></datafield><datafield ind1=" " ind2=" " tag="949"><subfield code="h">UAIN</subfield><subfield code="z">CKEY</subfield></datafield><datafield ind1=" " ind2=" " tag="926"><subfield code="a">Internet Access</subfield><subfield code="w">LC</subfield><subfield code="c">1</subfield><subfield code="i">6774769-1001</subfield><subfield code="l">INTERNET</subfield><subfield code="m">UAINTERNET</subfield><subfield code="r">Y</subfield><subfield code="s">Y</subfield><subfield code="t">E-RESOURCE</subfield><subfield code="u">1/13/2015</subfield><subfield code="x">E-BOOK</subfield><subfield code="z">CKEY</subfield></datafield></record>